
@misc{ahu62,
       author={arthur-e},
       title={Programming-Collective-Intelligence},
       year =    2012,
       month = { 24 Decenber}, 
 howpublished ="https://github.com/arthur-e/Programming-Collective-Intelligence/blob/master/chapter2/recommendations.py"   
     }

