
@misc{ahu62,
       author={mbostock},
       title={Force-Directed Graph},
       year =    2012,
       month = { 12 November}, 
 howpublished ="http://bl.ocks.org/mbostock/4062045"   
     }

@article{ahu61,
       author={Cyrille Rossant},
       title={Visualizing a NetworkX graph in the IPython notebook with d3.js},
       year =  2014, 
       howpublished ={"http://nbviewer.ipython.org/github/davidrpugh/cookbook-code/blob/master/notebooks/chapter06_viz/04_d3.ipynb"}    
     }
