
@misc{ahu62,
       author={arthur-e},
       title={Programming-Collective-Intelligence},
       year =    2012,
       month = { 24 Decenber}, 
howpublished ="https://github.com/arthur-e/Programming-Collective-Intelligence/blob/master/chapter3/generatefeedvector.py"   
     }

@misc{ahu61,
       author={arthur-e},
       title={Programming-Collective-Intelligence},
       year =    2012,
       month = { 24 Decenber}, 
howpublished ="https://github.com/arthur-e/Programming-Collective-Intelligence/blob/master/chapter3/clusters.py"   
     }

@book{ahu59,
       author={Toby Segaran},
       title={Programming Collective Intelligence},
       year =    2007,
       month = {August}, 
publisher ="Safari"   
     }
